@inproceedings{imagenet,
  title={Imagenet: A large-scale hierarchical image database},
  author={Deng, Jia and Dong, Wei and Socher, Richard and Li, Li-Jia and Li, Kai and Fei-Fei, Li},
  booktitle={2009 IEEE conference on computer vision and pattern recognition},
  pages={248--255},
  year={2009},
  organization={Ieee}
}

@article{vgg16,
  title={Very deep convolutional networks for large-scale image recognition},
  author={Simonyan, Karen and Zisserman, Andrew},
  journal={arXiv preprint arXiv:1409.1556},
  year={2014}
}

@article{openaigym,
  title={OpenAI Gym},
  author={Brockman, Greg and Cheung, Vicki and Pettersson, Ludwig and Schneider, Jonas and Schulman, John and Tang, Jie and Zaremba, Wojciech},
  journal={arXiv preprint arXiv:1606.01540},
  year={2016}
}

@article{transformers,
  title={Attention is all you need},
  author={Vaswani, Ashish and Shazeer, Noam and Parmar, Niki and Uszkoreit, Jakob and Jones, Llion and Gomez, Aidan N and Kaiser, {\L}ukasz and Polosukhin, Illia},
  journal={Advances in neural information processing systems},
  volume={30},
  year={2017}
}

@article{luo2019end,
  title={End-to-end active object tracking and its real-world deployment via reinforcement learning},
  author={Luo, Wenhan and Sun, Peng and Zhong, Fangwei and Liu, Wei and Zhang, Tong and Wang, Yizhou},
  journal={IEEE transactions on pattern analysis and machine intelligence},
  volume={42},
  number={6},
  pages={1317--1332},
  year={2019},
  publisher={IEEE}
}
@article{DBLP:journals/corr/abs-1801-01290,
  author    = {Tuomas Haarnoja and
               Aurick Zhou and
               Pieter Abbeel and
               Sergey Levine},
  title     = {Soft Actor-Critic: Off-Policy Maximum Entropy Deep Reinforcement Learning
               with a Stochastic Actor},
  journal   = {CoRR},
  volume    = {abs/1801.01290},
  year      = {2018},
  url       = {http://arxiv.org/abs/1801.01290},
  eprinttype = {arXiv},
  eprint    = {1801.01290},
  timestamp = {Mon, 13 Aug 2018 16:48:10 +0200},
  biburl    = {https://dblp.org/rec/journals/corr/abs-1801-01290.bib},
  bibsource = {dblp computer science bibliography, https://dblp.org}
}

@article{visiontransformers,
  title={An image is worth 16x16 words: Transformers for image recognition at scale},
  author={Dosovitskiy, Alexey and Beyer, Lucas and Kolesnikov, Alexander and Weissenborn, Dirk and Zhai, Xiaohua and Unterthiner, Thomas and Dehghani, Mostafa and Minderer, Matthias and Heigold, Georg and Gelly, Sylvain and others},
  journal={arXiv preprint arXiv:2010.11929},
  year={2020}
}